<?xml version="1.0" encoding="UTF-8"?><collection xmlns="http://www.loc.gov/MARC21/slim"><record><leader>00398nam--2200109-i-4500</leader><controlfield tag="001">000029174</controlfield><controlfield tag="002">20161230</controlfield><controlfield tag="005">20161230201037</controlfield><controlfield tag="008">060222s1000------------r-----000-0-eng-d</controlfield><datafield ind1=" " ind2=" " tag="100"><subfield code="a">Krohmer, J.S., Thomas, C.I., Friedell, H.L</subfield></datafield><datafield ind1=" " ind2=" " tag="245"><subfield code="a">Description of an sr90 beta-ray applocator and its use on the eye.(extras din american journal of roentgenology and radium therapy, vol.lxv, no.2, 1951)</subfield></datafield><datafield ind1=" " ind2=" " tag="852"><subfield code="a">5584</subfield></datafield></record></collection>